% Bibliography for Da-P_Satulon Information Conductivity Research
% G1-G5 Phase Bibliography - Comprehensive References

% === Foundational Works ===

@book{wolfram2002new,
  title={A New Kind of Science},
  author={Wolfram, Stephen},
  year={2002},
  publisher={Wolfram Media},
  address={Champaign, IL},
  isbn={978-1579550080},
  note={Foundational work on cellular automata and complex systems}
}

@book{nielsen2010quantum,
  title={Quantum Computation and Quantum Information},
  author={Nielsen, Michael A and Chuang, Isaac L},
  year={2010},
  publisher={Cambridge University Press},
  edition={10th Anniversary},
  isbn={978-1107002173},
  note={Standard reference for quantum information theory}
}

@book{cover1999elements,
  title={Elements of Information Theory},
  author={Cover, Thomas M and Thomas, Joy A},
  year={2006},
  publisher={John Wiley \& Sons},
  edition={2nd},
  isbn={978-0471241959},
  note={Classical information theory textbook}
}

@book{mitchell2009complexity,
  title={Complexity: A Guided Tour},
  author={Mitchell, Melanie},
  year={2009},
  publisher={Oxford University Press},
  isbn={978-0195124415},
  note={Accessible introduction to complex systems theory}
}

% === Information Theory and Transfer ===

@article{schreiber2000measuring,
  title={Measuring Information Transfer},
  author={Schreiber, Thomas},
  journal={Physical Review Letters},
  volume={85},
  number={2},
  pages={461--464},
  year={2000},
  publisher={American Physical Society},
  doi={10.1103/PhysRevLett.85.461},
  note={Seminal paper introducing transfer entropy}
}

@article{lizier2014jidt,
  title={JIDT: An Information-Theoretic Toolkit for Studying the Dynamics of Complex Systems},
  author={Lizier, Joseph T},
  journal={Frontiers in Robotics and AI},
  volume={1},
  pages={11},
  year={2014},
  publisher={Frontiers Media},
  doi={10.3389/frobt.2014.00011},
  note={Computational toolkit for information dynamics}
}

@article{barnett2009granger,
  title={Granger Causality and Transfer Entropy Are Equivalent for Gaussian Variables},
  author={Barnett, Lionel and Barrett, Adam B and Seth, Anil K},
  journal={Physical Review Letters},
  volume={103},
  number={23},
  pages={238701},
  year={2009},
  publisher={American Physical Society},
  doi={10.1103/PhysRevLett.103.238701}
}

@article{rosas2019quantifying,
  title={Quantifying High-order Interdependencies via Multivariate Extensions of the Mutual Information},
  author={Rosas, Fernando E and Mediano, Pedro AM and Gastpar, Michael and Jensen, Henrik J},
  journal={Physical Review E},
  volume={100},
  number={3},
  pages={032305},
  year={2019},
  publisher={American Physical Society},
  doi={10.1103/PhysRevE.100.032305}
}

% === Cellular Automata and Complex Systems ===

@article{crutchfield2003regularities,
  title={Regularities Unseen, Randomness Observed: Levels of Entropy Convergence},
  author={Crutchfield, James P and Feldman, David P},
  journal={Chaos: An Interdisciplinary Journal of Nonlinear Science},
  volume={13},
  number={1},
  pages={25--54},
  year={2003},
  publisher={American Institute of Physics},
  doi={10.1063/1.1530990}
}

@article{wolfram1984universality,
  title={Universality and Complexity in Cellular Automata},
  author={Wolfram, Stephen},
  journal={Physica D: Nonlinear Phenomena},
  volume={10},
  number={1-2},
  pages={1--35},
  year={1984},
  publisher={Elsevier},
  doi={10.1016/0167-2789(84)90245-8}
}

@article{langton1990computation,
  title={Computation at the Edge of Chaos: Phase Transitions and Emergent Computation},
  author={Langton, Christopher G},
  journal={Physica D: Nonlinear Phenomena},
  volume={42},
  number={1-3},
  pages={12--37},
  year={1990},
  publisher={Elsevier},
  doi={10.1016/0167-2789(90)90064-V}
}

@article{bak1987self,
  title={Self-organized Criticality: An Explanation of the 1/f Noise},
  author={Bak, Per and Tang, Chao and Wiesenfeld, Kurt},
  journal={Physical Review Letters},
  volume={59},
  number={4},
  pages={381--384},
  year={1987},
  publisher={American Physical Society},
  doi={10.1103/PhysRevLett.59.381}
}

% === Consciousness and Information Integration ===

@article{tononi1998consciousness,
  title={Consciousness and Complexity},
  author={Tononi, Giulio},
  journal={Science},
  volume={282},
  number={5395},
  pages={1846--1851},
  year={1998},
  publisher={American Association for the Advancement of Science},
  doi={10.1126/science.282.5395.1846}
}

@article{tononi2016integrated,
  title={Integrated Information Theory: From Consciousness to its Physical Substrate},
  author={Tononi, Giulio and Boly, Melanie and Massimini, Marcello and Koch, Christof},
  journal={Nature Reviews Neuroscience},
  volume={17},
  number={7},
  pages={450--461},
  year={2016},
  publisher={Nature Publishing Group},
  doi={10.1038/nrn.2016.44}
}

% === Statistical Mechanics and Phase Transitions ===

@book{goldenfeld1992lectures,
  title={Lectures on Phase Transitions and the Renormalization Group},
  author={Goldenfeld, Nigel},
  year={1992},
  publisher={Perseus Publishing},
  isbn={978-0201554090},
  note={Graduate-level statistical mechanics reference}
}

@article{anderson1958absence,
  title={Absence of Diffusion in Certain Random Lattices},
  author={Anderson, Philip W},
  journal={Physical Review},
  volume={109},
  number={5},
  pages={1492--1505},
  year={1958},
  publisher={American Physical Society},
  doi={10.1103/PhysRev.109.1492}
}

% === Computational and Numerical Methods ===

@article{numpy2020array,
  title={Array programming with NumPy},
  author={Harris, Charles R and Millman, K Jarrod and Van Der Walt, St{\'e}fan J and others},
  journal={Nature},
  volume={585},
  number={7825},
  pages={357--362},
  year={2020},
  publisher={Nature Publishing Group},
  doi={10.1038/s41586-020-2649-2}
}

@article{matplotlib2007,
  title={Matplotlib: A 2D Graphics Environment},
  author={Hunter, John D},
  journal={Computing in Science \& Engineering},
  volume={9},
  number={3},
  pages={90--95},
  year={2007},
  publisher={IEEE},
  doi={10.1109/MCSE.2007.55}
}

@software{pandas2020data,
  title={pandas-dev/pandas: Pandas},
  author={{The pandas development team}},
  year={2020},
  publisher={Zenodo},
  doi={10.5281/zenodo.3509134},
  url={https://doi.org/10.5281/zenodo.3509134}
}

% === Network Science and Applications ===

@book{newman2010networks,
  title={Networks: An Introduction},
  author={Newman, Mark},
  year={2010},
  publisher={Oxford University Press},
  isbn={978-0199206650}
}

@article{barabasi1999emergence,
  title={Emergence of Scaling in Random Networks},
  author={Barab{\'a}si, Albert-L{\'a}szl{\'o} and Albert, R{\'e}ka},
  journal={Science},
  volume={286},
  number={5439},
  pages={509--512},
  year={1999},
  publisher={American Association for the Advancement of Science},
  doi={10.1126/science.286.5439.509}
}

@article{watts1998collective,
  title={Collective Dynamics of 'Small-world' Networks},
  author={Watts, Duncan J and Strogatz, Steven H},
  journal={Nature},
  volume={393},
  number={6684},
  pages={440--442},
  year={1998},
  publisher={Nature Publishing Group},
  doi={10.1038/30918}
}

% === Da-P_Satulon Project Specific ===

@software{dap_satulon2025,
  title={Da-P\_Satulon: Information Conductivity in Cellular Automata},
  author={{Da-P-AIP Research Team}},
  year={2025},
  url={https://github.com/Da-P-AIP/Da-P_Satulon},
  note={Open-source framework for studying information conductivity in 2D/3D cellular automata},
  version={1.0.0}
}

% === Future References (G2-G5 Phases) ===

@article{future_g2_optimization,
  title={Advanced Parameter Optimization for Information Conductivity in Cellular Automata},
  author={{Da-P-AIP Research Team}},
  journal={Physical Review E},
  note={Planned G2 phase publication},
  year={2025}
}

@article{future_g3_3d,
  title={Three-Dimensional Information Conductivity and Multi-Scale Analysis},
  author={{Da-P-AIP Research Team}},
  journal={Nature Physics},
  note={Planned G3 phase publication},
  year={2025}
}

@article{future_g4_theory,
  title={Mathematical Foundation of Information Conductivity: Field Theory Approach},
  author={{Da-P-AIP Research Team}},
  journal={Physical Review Letters},
  note={Planned G4 phase publication},
  year={2025}
}

@article{future_g5_applications,
  title={Information Conductivity in Real-World Networks: From Neural to Social Systems},
  author={{Da-P-AIP Research Team}},
  journal={Science},
  note={Planned G5 phase publication},
  year={2025}
}
